51806208.0
51535872.0
51347456.0
51093504.0
50978816.0
50823168.0
50769920.0
50618368.0
50577408.0
50573312.0
50573312.0
50569216.0
50139136.0
50085888.0
50085888.0
50036736.0
49987584.0
49987584.0
49999872.0
49995776.0
49995776.0
49995776.0
49995776.0
49995776.0
49995776.0
49991680.0
49991680.0
49991680.0
49991680.0
49991680.0
49991680.0
49991680.0
49991680.0
49987584.0
49983488.0
49983488.0
49983488.0
49999872.0
49999872.0
49999872.0
49999872.0
49999872.0
49999872.0
49999872.0
49999872.0
49999872.0
49995776.0
50003968.0
50003968.0
49995776.0
49995776.0
49995776.0
49995776.0
49995776.0
49995776.0
49995776.0
49995776.0
49995776.0
49995776.0
49987584.0
49987584.0
49983488.0
49983488.0
49983488.0
49983488.0
49983488.0
49983488.0
49983488.0
49983488.0
49623040.0
49623040.0
49623040.0
49623040.0
49623040.0
49623040.0
49623040.0
49623040.0
49623040.0
49623040.0
49623040.0
49623040.0
49623040.0
49623040.0
49623040.0
49623040.0
49631232.0
49631232.0
49631232.0
49627136.0
49627136.0
49627136.0
49627136.0
49627136.0
49627136.0
49627136.0
49627136.0
49623040.0
49623040.0
49623040.0
49623040.0
49623040.0
49623040.0
49623040.0
49623040.0
49631232.0
49631232.0
49631232.0
49631232.0
49631232.0
49631232.0
49631232.0
49631232.0
49631232.0
49631232.0
49631232.0
49627136.0
49627136.0
49627136.0
49627136.0
49627136.0
49627136.0
49627136.0
49627136.0
49627136.0
49627136.0
49627136.0
49627136.0
49299456.0
49299456.0
49299456.0
49299456.0
49299456.0
49299456.0
49299456.0
49299456.0
49295360.0
49295360.0
49295360.0
49295360.0
49295360.0
51036160.0
49635328.0
49356800.0
48865280.0
48762880.0
48730112.0
48758784.0
48713728.0
48713728.0
48713728.0
48713728.0
48713728.0
48586752.0
48619520.0
48586752.0
48578560.0
48574464.0
48574464.0
48668672.0
48541696.0
48578560.0
48558080.0
48545792.0
48549888.0
48545792.0
48537600.0
48537600.0
48533504.0
48631808.0
48533504.0
48402432.0
48529408.0
48533504.0
48529408.0
48529408.0
48533504.0
48533504.0
48529408.0
48529408.0
48623616.0
48525312.0
48525312.0
48525312.0
48525312.0
48529408.0
48529408.0
48521216.0
48508928.0
48504832.0
48500736.0
48590848.0
48500736.0
48492544.0
48492544.0
48480256.0
48463872.0
48553984.0
48439296.0
48443392.0
48439296.0
48439296.0
48435200.0
48435200.0
48431104.0
48427008.0
48431104.0
48431104.0
48459776.0
48422912.0
48418816.0
48513024.0
48418816.0
48422912.0
48418816.0
48422912.0
48422912.0
48422912.0
48513024.0
48422912.0
48418816.0
48381952.0
48517120.0
48422912.0
48513024.0
48513024.0
48414720.0
48513024.0
48418816.0
48414720.0
48414720.0
48508928.0
48414720.0
48414720.0
48414720.0
48513024.0
48406528.0
48402432.0
48402432.0
48402432.0
48406528.0
48500736.0
48496640.0
48422912.0
48406528.0
48406528.0
48369664.0
48406528.0
48500736.0
48402432.0
48402432.0
48402432.0
48402432.0
48406528.0
48406528.0
48406528.0
48402432.0
48406528.0
48402432.0
48435200.0
48406528.0
48271360.0
48459776.0
48447488.0
48283648.0
48144384.0
48271360.0
48271360.0
48328704.0
48246784.0
48218112.0
48189440.0
48185344.0
48263168.0
48152576.0
48156672.0
48156672.0
48246784.0
48156672.0
48148480.0
48140288.0
52428800.0
52428800.0
52428800.0
52428800.0
52428800.0
52428800.0
52428800.0
52428800.0
52428800.0
52428800.0
52428800.0
52428800.0
52428800.0
52428800.0
52428800.0
52428800.0
52428800.0
52428800.0
52428800.0
52428800.0
52428800.0
52428800.0
52428800.0
52428800.0
52428800.0
52428800.0
52428800.0
52428800.0
52428800.0
52428800.0
52428800.0
52428800.0
52428800.0
52428800.0
52428800.0
52428800.0
52428800.0
52428800.0
52428800.0
52428800.0
52428800.0
52428800.0
52428800.0
52428800.0
52428800.0
52428800.0
52428800.0
52428800.0
52428800.0
52428800.0
52428800.0
52428800.0
52428800.0
52428800.0
52428800.0
52428800.0
52428800.0
52428800.0
52428800.0
52428800.0
52428800.0
52428800.0
52428800.0
52428800.0
52428800.0
52428800.0
52428800.0
52428800.0
52428800.0
52428800.0
52428800.0
52428800.0
52428800.0
52428800.0
52428800.0
52428800.0
52428800.0
52428800.0
52428800.0
52428800.0
52428800.0
52428800.0
52428800.0
52428800.0
52428800.0
52428800.0
52428800.0
52428800.0
52428800.0
52428800.0
52428800.0
52428800.0
52428800.0
52428800.0
52428800.0
52428800.0
52428800.0
52428800.0
52428800.0
52428800.0
52428800.0
52428800.0
52428800.0
52428800.0
52428800.0
52428800.0
52428800.0
52428800.0
52428800.0
52428800.0
52428800.0
52428800.0
52428800.0
52428800.0
52428800.0
52428800.0
52428800.0
52428800.0
52428800.0
52428800.0
52428800.0
52428800.0
52428800.0
52428800.0
52428800.0
52428800.0
52428800.0
52428800.0
52428800.0
52428800.0
52428800.0
52428800.0
52428800.0
52428800.0
52428800.0
52428800.0
52428800.0
52428800.0
52428800.0
52428800.0
28364800.0
28663808.0
28717056.0
28200960.0
28499968.0
28160000.0
28164096.0
28057600.0
28024832.0
28278784.0
28385280.0
28119040.0
28262400.0
28344320.0
28114944.0
28250112.0
27996160.0
28200960.0
28123136.0
28323840.0
28327936.0
28221440.0
28196864.0
28295168.0
27930624.0
28078080.0
27947008.0
27947008.0
28413952.0
28188672.0
28065792.0
28061696.0
28291072.0
28037120.0
28041216.0
28155904.0
28033024.0
28033024.0
28278784.0
28160000.0
28155904.0
28282880.0
27922432.0
28041216.0
27918336.0
27918336.0
28160000.0
28389376.0
28151808.0
28139520.0
28160000.0
28381184.0
28028928.0
28168192.0
27914240.0
27779072.0
28033024.0
28385280.0
28143616.0
28143616.0
27914240.0
28282880.0
28151808.0
27906048.0
27910144.0
28028928.0
28381184.0
28041216.0
28033024.0
28033024.0
28016640.0
27906048.0
28143616.0
28246016.0
28028928.0
27897856.0
28262400.0
27901952.0
28135424.0
28028928.0
28131328.0
28004352.0
28368896.0
28004352.0
28262400.0
28372992.0
28262400.0
27901952.0
28028928.0
28020736.0
28073984.0
28028928.0
27893760.0
28135424.0
28155904.0
28114944.0
28250112.0
28135424.0
28041216.0
28037120.0
28135424.0
28262400.0
28155904.0
27901952.0
28372992.0
28135424.0
28139520.0
28155904.0
27901952.0
28008448.0
28028928.0
28028928.0
27897856.0
27889664.0
28340224.0
28131328.0
28147712.0
28000256.0
28123136.0
28119040.0
28250112.0
28119040.0
28123136.0
28364800.0
28364800.0
27897856.0
27893760.0
28020736.0
28000256.0
27889664.0
27828224.0
27889664.0
28000256.0
28364800.0
28131328.0
27873280.0
28004352.0
28000256.0
28241920.0
28033024.0
12349440.0
12308480.0
14577664.0
7204864.0
14254080.0
14168064.0
13987840.0
9236480.0
13185024.0
18403328.0
18505728.0
16760832.0
16678912.0
15007744.0
5050368.0
11694080.0
10850304.0
10846208.0
10842112.0
10838016.0
10596352.0
14266368.0
17297408.0
3481600.0
20533248.0
20525056.0
20512768.0
20353024.0
20066304.0
19828736.0
1581056.0
13615104.0
14966784.0
2351104.0
2568192.0
2301952.0
2154496.0
2400256.0
2088960.0
2076672.0
1716224.0
5312512.0
11669504.0
9322496.0
12341248.0
19361792.0
18927616.0
18665472.0
18911232.0
18771968.0
18894848.0
18542592.0
18489344.0
18235392.0
4300800.0
12009472.0
13021184.0
1339392.0
10715136.0
19529728.0
11272192.0
7864320.0
7811072.0
4624384.0
4313088.0
4182016.0
4112384.0
4079616.0
4149248.0
3956736.0
3530752.0
3301376.0
20447232.0
499712.0
2732032.0
14942208.0
11304960.0
14819328.0
4071424.0
7471104.0
3756032.0
6660096.0
6660096.0
6725632.0
6717440.0
6320128.0
6561792.0
6549504.0
6541312.0
6651904.0
6508544.0
6221824.0
5906432.0
5681152.0
5361664.0
5087232.0
4845568.0
6492160.0
6778880.0
3563520.0
8900608.0
10276864.0
3543040.0
11726848.0
5767168.0
4194304.0
9719808.0
15405056.0
15523840.0
15384576.0
15499264.0
15360000.0
15474688.0
15343616.0
15319040.0
15437824.0
15171584.0
15286272.0
15269888.0
15032320.0
14569472.0
14319616.0
14249984.0
14000128.0
13737984.0
6074368.0
8163328.0
17129472.0
19660800.0
19939328.0
1785856.0
3440640.0
3375104.0
8892416.0
15335424.0
6168576.0
18743296.0
15990784.0
9830400.0
9605120.0
52428800.0
52428800.0
52428800.0
52428800.0
52428800.0
52428800.0
52428800.0
52428800.0
52428800.0
52428800.0
52428800.0
52428800.0
52428800.0
52428800.0
52428800.0
52428800.0
52428800.0
52428800.0
52428800.0
52428800.0
52428800.0
52428800.0
52428800.0
52428800.0
52428800.0
52428800.0
52428800.0
52428800.0
52428800.0
52428800.0
52428800.0
52428800.0
52428800.0
52428800.0
52428800.0
52428800.0
52428800.0
52428800.0
52428800.0
52428800.0
52428800.0
52428800.0
52428800.0
52428800.0
52428800.0
52428800.0
52428800.0
52428800.0
52428800.0
52428800.0
52428800.0
52428800.0
52428800.0
52428800.0
52428800.0
52428800.0
52428800.0
52428800.0
52428800.0
52428800.0
52428800.0
52428800.0
52428800.0
52428800.0
52428800.0
52428800.0
52428800.0
52428800.0
52428800.0
52428800.0
52428800.0
52428800.0
52428800.0
52428800.0
52428800.0
52428800.0
52428800.0
52428800.0
52428800.0
52428800.0
52428800.0
52428800.0
52428800.0
52428800.0
52428800.0
52428800.0
52428800.0
52428800.0
52428800.0
52428800.0
52428800.0
52428800.0
52428800.0
52428800.0
52428800.0
52428800.0
52428800.0
52428800.0
52428800.0
52428800.0
52428800.0
52428800.0
52428800.0
52428800.0
52428800.0
52428800.0
52428800.0
52428800.0
52428800.0
52428800.0
52428800.0
52428800.0
52428800.0
52428800.0
52428800.0
52428800.0
52428800.0
52428800.0
52428800.0
52428800.0
52428800.0
52428800.0
52428800.0
52428800.0
52428800.0
52428800.0
52428800.0
52428800.0
52428800.0
52428800.0
52428800.0
52428800.0
52428800.0
52428800.0
52428800.0
52428800.0
52428800.0
52428800.0
52428800.0
52428800.0
27566080.0
27553792.0
27439104.0
27439104.0
27553792.0
27439104.0
27475968.0
27475968.0
27475968.0
27361280.0
27381760.0
27324416.0
27439104.0
27439104.0
27324416.0
27439104.0
27324416.0
27353088.0
27353088.0
27353088.0
27205632.0
27205632.0
27205632.0
27320320.0
27320320.0
27205632.0
27320320.0
27320320.0
27320320.0
27049984.0
26935296.0
26972160.0
26972160.0
26972160.0
26972160.0
26972160.0
26857472.0
26730496.0
26755072.0
26808320.0
26894336.0
26894336.0
26894336.0
26779648.0
26894336.0
26894336.0
26779648.0
26820608.0
26730496.0
26746880.0
26591232.0
26591232.0
26591232.0
26591232.0
26591232.0
26607616.0
26705920.0
26705920.0
26705920.0
26705920.0
26705920.0
26705920.0
26628096.0
26628096.0
26628096.0
26628096.0
26628096.0
26615808.0
26615808.0
26615808.0
26501120.0
26501120.0
26517504.0
26615808.0
26501120.0
26501120.0
26525696.0
26570752.0
26456064.0
26472448.0
26570752.0
26456064.0
26570752.0
26456064.0
26472448.0
26492928.0
26484736.0
26484736.0
26370048.0
26484736.0
26476544.0
26284032.0
26300416.0
26185728.0
26030080.0
25944064.0
26087424.0
26050560.0
26050560.0
26165248.0
26165248.0
26050560.0
26066944.0
26165248.0
26050560.0
25890816.0
25903104.0
26017792.0
25903104.0
26017792.0
26017792.0
25903104.0
25985024.0
25870336.0
25985024.0
25952256.0
25952256.0
25706496.0
25944064.0
25944064.0
25944064.0
25829376.0
25944064.0
25944064.0
25858048.0
25829376.0
25829376.0
25944064.0
25829376.0
25845760.0
25862144.0
25829376.0
25829376.0
25944064.0
25726976.0
25935872.0
25821184.0
25935872.0
25935872.0
25821184.0
49152000.0
48492544.0
47824896.0
48041984.0
47685632.0
47681536.0
47656960.0
47443968.0
47267840.0
47570944.0
47472640.0
47566848.0
47435776.0
47505408.0
47493120.0
47443968.0
47226880.0
47464448.0
47464448.0
47230976.0
47407104.0
47308800.0
47370240.0
47235072.0
47194112.0
47210496.0
47128576.0
46997504.0
47063040.0
47210496.0
47185920.0
46866432.0
47042560.0
46927872.0
46874624.0
46952448.0
47005696.0
46923776.0
46923776.0
47022080.0
47005696.0
46841856.0
46911488.0
46878720.0
46878720.0
46911488.0
46948352.0
47058944.0
46956544.0
46829568.0
46927872.0
46874624.0
47005696.0
47001600.0
46903296.0
46886912.0
46968832.0
46886912.0
46817280.0
46735360.0
46833664.0
46784512.0
46841856.0
46931968.0
46669824.0
46866432.0
46936064.0
46821376.0
46952448.0
46837760.0
46841856.0
46952448.0
46821376.0
46690304.0
46915584.0
46817280.0
46915584.0
46817280.0
46817280.0
46817280.0
46931968.0
46817280.0
46931968.0
46899200.0
46899200.0
46931968.0
46833664.0
46833664.0
46931968.0
46931968.0
46817280.0
46915584.0
46800896.0
46735360.0
46882816.0
46751744.0
46620672.0
46645248.0
46776320.0
46776320.0
46624768.0
46698496.0
46567424.0
46596096.0
46579712.0
46481408.0
46759936.0
46759936.0
46759936.0
46678016.0
46792704.0
46731264.0
46678016.0
46710784.0
46792704.0
46694400.0
46661632.0
46776320.0
46575616.0
46559232.0
46432256.0
46292992.0
46362624.0
46379008.0
46477312.0
46546944.0
46153728.0
46383104.0
46317568.0
46546944.0
46448640.0
46546944.0
46563328.0
46448640.0
46575616.0
46481408.0
46579712.0
46481408.0
46497792.0
46481408.0
52428800.0
52428800.0
52428800.0
52428800.0
52428800.0
52428800.0
52428800.0
52428800.0
52428800.0
52428800.0
52428800.0
52428800.0
52428800.0
52428800.0
52428800.0
52428800.0
52428800.0
52428800.0
52428800.0
52428800.0
52428800.0
52428800.0
52428800.0
52428800.0
52428800.0
52428800.0
52428800.0
52428800.0
52428800.0
52428800.0
52428800.0
52428800.0
52428800.0
52428800.0
52428800.0
52428800.0
52428800.0
52428800.0
52428800.0
52428800.0
52428800.0
52428800.0
52428800.0
52428800.0
52428800.0
52428800.0
52428800.0
52428800.0
52428800.0
52428800.0
52428800.0
52428800.0
52428800.0
52428800.0
52428800.0
52428800.0
52428800.0
52428800.0
52428800.0
52428800.0
52428800.0
52428800.0
52428800.0
52428800.0
52428800.0
52428800.0
52428800.0
52428800.0
52428800.0
52428800.0
52428800.0
52428800.0
52428800.0
52428800.0
52428800.0
52428800.0
52428800.0
52428800.0
52428800.0
52428800.0
52428800.0
52428800.0
52428800.0
52428800.0
52428800.0
52428800.0
52428800.0
52428800.0
52428800.0
52428800.0
52428800.0
52428800.0
52428800.0
52428800.0
52428800.0
52428800.0
52428800.0
52428800.0
52428800.0
52428800.0
52428800.0
52428800.0
52428800.0
52428800.0
52428800.0
52428800.0
52428800.0
52428800.0
52428800.0
52428800.0
52428800.0
52428800.0
52428800.0
52428800.0
52428800.0
52428800.0
52428800.0
52428800.0
52428800.0
52428800.0
52428800.0
52428800.0
52428800.0
52428800.0
52428800.0
52428800.0
52428800.0
52428800.0
52428800.0
52428800.0
52428800.0
52428800.0
52428800.0
52428800.0
52428800.0
52428800.0
52428800.0
52428800.0
52428800.0
52428800.0
47456256.0
45629440.0
43540480.0
42283008.0
43057152.0
42102784.0
42590208.0
42115072.0
42266624.0
42491904.0
42500096.0
42029056.0
41517056.0
41779200.0
42160128.0
41947136.0
41988096.0
41811968.0
41861120.0
41967616.0
41902080.0
42106880.0
41517056.0
42180608.0
42139648.0
42258432.0
42242048.0
42319872.0
42078208.0
42799104.0
41345024.0
42147840.0
41902080.0
42213376.0
42098688.0
42254336.0
41730048.0
42090496.0
41828352.0
41566208.0
41635840.0
41644032.0
42053632.0
42086400.0
42803200.0
42037248.0
42188800.0
42139648.0
41766912.0
42258432.0
41181184.0
41922560.0
42422272.0
42565632.0
41824256.0
42070016.0
42188800.0
42303488.0
42246144.0
41680896.0
41824256.0
42360832.0
41791488.0
42131456.0
41476096.0
42045440.0
42328064.0
41521152.0
42631168.0
42196992.0
42426368.0
42217472.0
42156032.0
41930752.0
41627648.0
41652224.0
42258432.0
42119168.0
42074112.0
42110976.0
41803776.0
42221568.0
42508288.0
41590784.0
41734144.0
42487808.0
41238528.0
42008576.0
42348544.0
42213376.0
41938944.0
42561536.0
41598976.0
42119168.0
41844736.0
43024384.0
42254336.0
42315776.0
41873408.0
41533440.0
42115072.0
41672704.0
42016768.0
42123264.0
42496000.0
42635264.0
42041344.0
41963520.0
42184704.0
42201088.0
42434560.0
42020864.0
42205184.0
41566208.0
42270720.0
41803776.0
42176512.0
42459136.0
41586688.0
42139648.0
42315776.0
41750528.0
42123264.0
41603072.0
42684416.0
42201088.0
41869312.0
42070016.0
41979904.0
42389504.0
42676224.0
41512960.0
42074112.0
42348544.0
42016768.0
42209280.0
41758720.0
41996288.0
42676224.0
41521152.0
42377216.0
42033152.0
39809024.0
39432192.0
39682048.0
39387136.0
39481344.0
39608320.0
39116800.0
39645184.0
39403520.0
39047168.0
39170048.0
39104512.0
39153664.0
38420480.0
38817792.0
39235584.0
38887424.0
39469056.0
39477248.0
38723584.0
39018496.0
39358464.0
39182336.0
38830080.0
38862848.0
38850560.0
39104512.0
39137280.0
39182336.0
39366656.0
39170048.0
39305216.0
39514112.0
39227392.0
39178240.0
38531072.0
38264832.0
38711296.0
38850560.0
39030784.0
39358464.0
38461440.0
38629376.0
39280640.0
38572032.0
38825984.0
38699008.0
39006208.0
39182336.0
39088128.0
39006208.0
38653952.0
39161856.0
38666240.0
38924288.0
38940672.0
39182336.0
38346752.0
38707200.0
39186432.0
38842368.0
38649856.0
39002112.0
38920192.0
38973440.0
38764544.0
39288832.0
38973440.0
38752256.0
38699008.0
38289408.0
38932480.0
38895616.0
38899712.0
38952960.0
39120896.0
39018496.0
38678528.0
38473728.0
38289408.0
38641664.0
39096320.0
38678528.0
38481920.0
38760448.0
38580224.0
38752256.0
38486016.0
38727680.0
38232064.0
39120896.0
39116800.0
38805504.0
38375424.0
39051264.0
38338560.0
39022592.0
38223872.0
38846464.0
39104512.0
38694912.0
39440384.0
38612992.0
38924288.0
38666240.0
38719488.0
38514688.0
38412288.0
39170048.0
38612992.0
39084032.0
38924288.0
38658048.0
39215104.0
39079936.0
39251968.0
38772736.0
39268352.0
39317504.0
38109184.0
38989824.0
38858752.0
38707200.0
39219200.0
39034880.0
38813696.0
39313408.0
38666240.0
38817792.0
39235584.0
38936576.0
38797312.0
38899712.0
38776832.0
38715392.0
38383616.0
38203392.0
38285312.0
42180608.0
42180608.0
42180608.0
42180608.0
42180608.0
42180608.0
42180608.0
42180608.0
42180608.0
42180608.0
42180608.0
42180608.0
42180608.0
42180608.0
42180608.0
42180608.0
42180608.0
42180608.0
42180608.0
42180608.0
42180608.0
42180608.0
42180608.0
42180608.0
42180608.0
42180608.0
42180608.0
42180608.0
42180608.0
42180608.0
42180608.0
42180608.0
42180608.0
42180608.0
42180608.0
42180608.0
42180608.0
42180608.0
42180608.0
42180608.0
42180608.0
42180608.0
42180608.0
42180608.0
42180608.0
42180608.0
42180608.0
42180608.0
42180608.0
42180608.0
42180608.0
42180608.0
42180608.0
42180608.0
42180608.0
42180608.0
42180608.0
42180608.0
42180608.0
42180608.0
42180608.0
42180608.0
42180608.0
42180608.0
42180608.0
42180608.0
42180608.0
42180608.0
42180608.0
42180608.0
42180608.0
42180608.0
42180608.0
42180608.0
42180608.0
42180608.0
42180608.0
42180608.0
42180608.0
42180608.0
42180608.0
42180608.0
42180608.0
42180608.0
42180608.0
42180608.0
42180608.0
42180608.0
42180608.0
42180608.0
42180608.0
42180608.0
42180608.0
42180608.0
42180608.0
42180608.0
42180608.0
42180608.0
42180608.0
42180608.0
42180608.0
42180608.0
42180608.0
42180608.0
42180608.0
42180608.0
42180608.0
42180608.0
42180608.0
42180608.0
42180608.0
42180608.0
42180608.0
42180608.0
42180608.0
42180608.0
42180608.0
42180608.0
42180608.0
42180608.0
42180608.0
42180608.0
42180608.0
42180608.0
42180608.0
42180608.0
42180608.0
42180608.0
42180608.0
42180608.0
42180608.0
42180608.0
42180608.0
42180608.0
42180608.0
42180608.0
42180608.0
42180608.0
42180608.0
42180608.0
51736576.0
51564544.0
51253248.0
51187712.0
51138560.0
51089408.0
51048448.0
50950144.0
50819072.0
50860032.0
50860032.0
50683904.0
50765824.0
50634752.0
50667520.0
50618368.0
50618368.0
50618368.0
50630656.0
50630656.0
50630656.0
50630656.0
50630656.0
50630656.0
50630656.0
50630656.0
50630656.0
50630656.0
50630656.0
50630656.0
50630656.0
50630656.0
50630656.0
50630656.0
50630656.0
50630656.0
50630656.0
50634752.0
50634752.0
50634752.0
50634752.0
50634752.0
50634752.0
50634752.0
50634752.0
50634752.0
50634752.0
50634752.0
50634752.0
50634752.0
50634752.0
50634752.0
50634752.0
50634752.0
50634752.0
50634752.0
50634752.0
50634752.0
50634752.0
50634752.0
50634752.0
50634752.0
50634752.0
50634752.0
50634752.0
50511872.0
50634752.0
50634752.0
50634752.0
50634752.0
50634752.0
50634752.0
50634752.0
50634752.0
50634752.0
50634752.0
50634752.0
50634752.0
50634752.0
50593792.0
50593792.0
50593792.0
50593792.0
50593792.0
50593792.0
50593792.0
50593792.0
50593792.0
50593792.0
50593792.0
50593792.0
50593792.0
50593792.0
50593792.0
50593792.0
50593792.0
50593792.0
50593792.0
50593792.0
50593792.0
50593792.0
50593792.0
50593792.0
50593792.0
50593792.0
50593792.0
50593792.0
50593792.0
50593792.0
50593792.0
50593792.0
50593792.0
50593792.0
50593792.0
50593792.0
50593792.0
50593792.0
50593792.0
50593792.0
50593792.0
50593792.0
50593792.0
50593792.0
50593792.0
50593792.0
50593792.0
50593792.0
50593792.0
50593792.0
50593792.0
50593792.0
50593792.0
50593792.0
50593792.0
50593792.0
50593792.0
50593792.0
50593792.0
50593792.0
50593792.0
39243776.0
39243776.0
39243776.0
39243776.0
39243776.0
39243776.0
39243776.0
39243776.0
39243776.0
39243776.0
39243776.0
39243776.0
39243776.0
39243776.0
39243776.0
39243776.0
39243776.0
39243776.0
39243776.0
39243776.0
39243776.0
39243776.0
39243776.0
39243776.0
39243776.0
39243776.0
39243776.0
39243776.0
39243776.0
39243776.0
39243776.0
39243776.0
39243776.0
39243776.0
39243776.0
39243776.0
39243776.0
39243776.0
39243776.0
39243776.0
39243776.0
39243776.0
39243776.0
39243776.0
39243776.0
39243776.0
39243776.0
39243776.0
39243776.0
39243776.0
39243776.0
39243776.0
39243776.0
39243776.0
39243776.0
39243776.0
39243776.0
39243776.0
39243776.0
39243776.0
39243776.0
39243776.0
39243776.0
39243776.0
39243776.0
39243776.0
39243776.0
39243776.0
39243776.0
39243776.0
39243776.0
39243776.0
39243776.0
39243776.0
39243776.0
39243776.0
39243776.0
39243776.0
39243776.0
39243776.0
39243776.0
39243776.0
39243776.0
39243776.0
39243776.0
39243776.0
39243776.0
39243776.0
39243776.0
39243776.0
39243776.0
39243776.0
39243776.0
39243776.0
39243776.0
39243776.0
39243776.0
39243776.0
39243776.0
39243776.0
39243776.0
39243776.0
39243776.0
39243776.0
39243776.0
39243776.0
39243776.0
39243776.0
39243776.0
39243776.0
39243776.0
39243776.0
39243776.0
39243776.0
39243776.0
39243776.0
39243776.0
39243776.0
39243776.0
39243776.0
39243776.0
39243776.0
39243776.0
39243776.0
39243776.0
39243776.0
39243776.0
39243776.0
39243776.0
39243776.0
39243776.0
39243776.0
39243776.0
39243776.0
39243776.0
39243776.0
39243776.0
39243776.0
39243776.0
39243776.0
49651712.0
48140288.0
48390144.0
48508928.0
48508928.0
48508928.0
48496640.0
48496640.0
48496640.0
48496640.0
48496640.0
48496640.0
48496640.0
48496640.0
48496640.0
48496640.0
48496640.0
48496640.0
48496640.0
48496640.0
48496640.0
48496640.0
48496640.0
48496640.0
48496640.0
48496640.0
48496640.0
48496640.0
48496640.0
48496640.0
48496640.0
48496640.0
48496640.0
48496640.0
48496640.0
48496640.0
48496640.0
48496640.0
48496640.0
48496640.0
48496640.0
48496640.0
48496640.0
48496640.0
48496640.0
48496640.0
48496640.0
48496640.0
48496640.0
48496640.0
48496640.0
48496640.0
48496640.0
48496640.0
48496640.0
48496640.0
48496640.0
48496640.0
48496640.0
48496640.0
48496640.0
48496640.0
48496640.0
48496640.0
48496640.0
48496640.0
48496640.0
48496640.0
48496640.0
48496640.0
48496640.0
48496640.0
48496640.0
48496640.0
48332800.0
48451584.0
48451584.0
48451584.0
48451584.0
48451584.0
48451584.0
48451584.0
48451584.0
48451584.0
48451584.0
48451584.0
48451584.0
48451584.0
48451584.0
48451584.0
48451584.0
48451584.0
48451584.0
48451584.0
48451584.0
48451584.0
48451584.0
48451584.0
48451584.0
48451584.0
48451584.0
48451584.0
48451584.0
48451584.0
48451584.0
48451584.0
48451584.0
48451584.0
48451584.0
48451584.0
48451584.0
48451584.0
48451584.0
48451584.0
48451584.0
48451584.0
48451584.0
48451584.0
48451584.0
48451584.0
48451584.0
48451584.0
48451584.0
48451584.0
48451584.0
48451584.0
48451584.0
48451584.0
48451584.0
48451584.0
48451584.0
48451584.0
48451584.0
48451584.0
48451584.0
48451584.0
48451584.0
48451584.0
48451584.0
48451584.0
32690176.0
32804864.0
32804864.0
32710656.0
32673792.0
32788480.0
32788480.0
32788480.0
32788480.0
32788480.0
32788480.0
32788480.0
32788480.0
32702464.0
32702464.0
32702464.0
32702464.0
32702464.0
32702464.0
32702464.0
32587776.0
32702464.0
32702464.0
32587776.0
32587776.0
32587776.0
32702464.0
32702464.0
32702464.0
32702464.0
32702464.0
32702464.0
32702464.0
32702464.0
32702464.0
32702464.0
32702464.0
32587776.0
32587776.0
32702464.0
32702464.0
32555008.0
32555008.0
32555008.0
32555008.0
32555008.0
32555008.0
32555008.0
32555008.0
32555008.0
32555008.0
32550912.0
32550912.0
32436224.0
32436224.0
32436224.0
32550912.0
32436224.0
32550912.0
32550912.0
32550912.0
32550912.0
32550912.0
32550912.0
32550912.0
32550912.0
32473088.0
32473088.0
32473088.0
32473088.0
32342016.0
32342016.0
32342016.0
32227328.0
32342016.0
32342016.0
32342016.0
32342016.0
32342016.0
32342016.0
32342016.0
32342016.0
32342016.0
32342016.0
32342016.0
32342016.0
32264192.0
32264192.0
32174080.0
32112640.0
32112640.0
32227328.0
32227328.0
32227328.0
32227328.0
32227328.0
32227328.0
32227328.0
32219136.0
32219136.0
32219136.0
32219136.0
32219136.0
32219136.0
32219136.0
32104448.0
32219136.0
32219136.0
32104448.0
32104448.0
32219136.0
32104448.0
32219136.0
32145408.0
32141312.0
32141312.0
32141312.0
32141312.0
32141312.0
32141312.0
32141312.0
32063488.0
32063488.0
32063488.0
31985664.0
31973376.0
31883264.0
31899648.0
31895552.0
31895552.0
31895552.0
31895552.0
31895552.0
31895552.0
31895552.0
31895552.0
31895552.0
31895552.0
31780864.0
31895552.0
50487296.0
50401280.0
49860608.0
49618944.0
49545216.0
49287168.0
49205248.0
49147904.0
49147904.0
48926720.0
48922624.0
48922624.0
48816128.0
48807936.0
48803840.0
48803840.0
48836608.0
48852992.0
48852992.0
48734208.0
48734208.0
48734208.0
48644096.0
48648192.0
48578560.0
48590848.0
48623616.0
48537600.0
48623616.0
48537600.0
48537600.0
48623616.0
48533504.0
48549888.0
48537600.0
48607232.0
48394240.0
48410624.0
48496640.0
48410624.0
48394240.0
48410624.0
48340992.0
48324608.0
48410624.0
48410624.0
48320512.0
48422912.0
48336896.0
48369664.0
48369664.0
48295936.0
48283648.0
48369664.0
48369664.0
48267264.0
48353280.0
48267264.0
48148480.0
48234496.0
48164864.0
48070656.0
48078848.0
48164864.0
48046080.0
48046080.0
48164864.0
48095232.0
48181248.0
48197632.0
48123904.0
48095232.0
48078848.0
48164864.0
48095232.0
48181248.0
48095232.0
48095232.0
48144384.0
48082944.0
48082944.0
48058368.0
48074752.0
48144384.0
48074752.0
48160768.0
48029696.0
48074752.0
48160768.0
48111616.0
48152576.0
48152576.0
48091136.0
48074752.0
48058368.0
48058368.0
48041984.0
48041984.0
48046080.0
48046080.0
48041984.0
48177152.0
48177152.0
47988736.0
48009216.0
47923200.0
47939584.0
48025600.0
47943680.0
47992832.0
47861760.0
47837184.0
47751168.0
47751168.0
47767552.0
47767552.0
47767552.0
47759360.0
47742976.0
47681536.0
47751168.0
47767552.0
47669248.0
47583232.0
47669248.0
47583232.0
47534080.0
47558656.0
47542272.0
47493120.0
47489024.0
47505408.0
47505408.0
47505408.0
47521792.0
47521792.0
47534080.0
47419392.0
47554560.0
47640576.0
1937408.0
1937408.0
1937408.0
1859584.0
1859584.0
1859584.0
1855488.0
1761280.0
1761280.0
1753088.0
1667072.0
1667072.0
1667072.0
1667072.0
1667072.0
1667072.0
1667072.0
1667072.0
1576960.0
1556480.0
1556480.0
1556480.0
1552384.0
1552384.0
1552384.0
1552384.0
1552384.0
1552384.0
1552384.0
1552384.0
1552384.0
1552384.0
1552384.0
1552384.0
1552384.0
1552384.0
1335296.0
1458176.0
1458176.0
1458176.0
1458176.0
1458176.0
1458176.0
1380352.0
1380352.0
1380352.0
1347584.0
1343488.0
1343488.0
1343488.0
1343488.0
1343488.0
1343488.0
1343488.0
1343488.0
1265664.0
1232896.0
1150976.0
1150976.0
1150976.0
1220608.0
1220608.0
1175552.0
1097728.0
1097728.0
1097728.0
1163264.0
1163264.0
1163264.0
1163264.0
1085440.0
1085440.0
1085440.0
1085440.0
1085440.0
1085440.0
1085440.0
1085440.0
1085440.0
1085440.0
1085440.0
1175552.0
1175552.0
1175552.0
1175552.0
1142784.0
1142784.0
1142784.0
1142784.0
1142784.0
1142784.0
1142784.0
1142784.0
1110016.0
1171456.0
1171456.0
1171456.0
1097728.0
1097728.0
1097728.0
1097728.0
1097728.0
1097728.0
1097728.0
1064960.0
1064960.0
1064960.0
1064960.0
1064960.0
1064960.0
1064960.0
1064960.0
1064960.0
1159168.0
1159168.0
1159168.0
1159168.0
1159168.0
1159168.0
1159168.0
1159168.0
1159168.0
1159168.0
1159168.0
1159168.0
1159168.0
1159168.0
1159168.0
1159168.0
1159168.0
1159168.0
1159168.0
1155072.0
1155072.0
1155072.0
1155072.0
1155072.0
1155072.0
1155072.0
1155072.0
25235456.0
25235456.0
25235456.0
25120768.0
25120768.0
25120768.0
25235456.0
25235456.0
25235456.0
25235456.0
25235456.0
25120768.0
25235456.0
25120768.0
25157632.0
25157632.0
25157632.0
25157632.0
25157632.0
25042944.0
25038848.0
25038848.0
25153536.0
25153536.0
25153536.0
25038848.0
25153536.0
25038848.0
25153536.0
25153536.0
25038848.0
25055232.0
25108480.0
24993792.0
25010176.0
25108480.0
25108480.0
24866816.0
24752128.0
24727552.0
24682496.0
24682496.0
24682496.0
24682496.0
24682496.0
24715264.0
24715264.0
24600576.0
24641536.0
24641536.0
24526848.0
24641536.0
24641536.0
24641536.0
24641536.0
24641536.0
24526848.0
24641536.0
24637440.0
24637440.0
24522752.0
24637440.0
24637440.0
24637440.0
24522752.0
24637440.0
24637440.0
24547328.0
24522752.0
24637440.0
24637440.0
24522752.0
24539136.0
24637440.0
24522752.0
24522752.0
24539136.0
24637440.0
24522752.0
24637440.0
24559616.0
24444928.0
24559616.0
24465408.0
24350720.0
24465408.0
24350720.0
24391680.0
24309760.0
24309760.0
24309760.0
24309760.0
24326144.0
24309760.0
24424448.0
24297472.0
24240128.0
24322048.0
24322048.0
24207360.0
24207360.0
24322048.0
24227840.0
24113152.0
24113152.0
24227840.0
24190976.0
24190976.0
24190976.0
24190976.0
24076288.0
24076288.0
24076288.0
24190976.0
24076288.0
24100864.0
24182784.0
24182784.0
24068096.0
24182784.0
24068096.0
24182784.0
24182784.0
24182784.0
24182784.0
24096768.0
24068096.0
24068096.0
24064000.0
24064000.0
24064000.0
24064000.0
24178688.0
24178688.0
24174592.0
24059904.0
24166400.0
24051712.0
24068096.0
24166400.0
49074176.0
47865856.0
46858240.0
46735360.0
46325760.0
46211072.0
46170112.0
46104576.0
45989888.0
46104576.0
46104576.0
46026752.0
46026752.0
46026752.0
46026752.0
46026752.0
46026752.0
46010368.0
46010368.0
45932544.0
45817856.0
45817856.0
45932544.0
45932544.0
45932544.0
45817856.0
45834240.0
45834240.0
45834240.0
45834240.0
45834240.0
45834240.0
45834240.0
45834240.0
45834240.0
45834240.0
45715456.0
45715456.0
45715456.0
45715456.0
45830144.0
45830144.0
45830144.0
45830144.0
45400064.0
45379584.0
45379584.0
45379584.0
45379584.0
45379584.0
45379584.0
45264896.0
45264896.0
45187072.0
45211648.0
45228032.0
45268992.0
45154304.0
45191168.0
45191168.0
45191168.0
45191168.0
45076480.0
45191168.0
45158400.0
45158400.0
45080576.0
45080576.0
45080576.0
45080576.0
45080576.0
45080576.0
45080576.0
44990464.0
45080576.0
45080576.0
45080576.0
45080576.0
45080576.0
45080576.0
44965888.0
45076480.0
45076480.0
45043712.0
45043712.0
45043712.0
44929024.0
44929024.0
44929024.0
44969984.0
44969984.0
44969984.0
44933120.0
44933120.0
44855296.0
44740608.0
44847104.0
44761088.0
44761088.0
44761088.0
44761088.0
44761088.0
44703744.0
44703744.0
44703744.0
44703744.0
44703744.0
44703744.0
44703744.0
44589056.0
44703744.0
44699648.0
44699648.0
44699648.0
44699648.0
44699648.0
44699648.0
44699648.0
44699648.0
44699648.0
44699648.0
44699648.0
44699648.0
44699648.0
44699648.0
44699648.0
44699648.0
44699648.0
44699648.0
44699648.0
44613632.0
44699648.0
44699648.0
44699648.0
44699648.0
44699648.0
44695552.0
44695552.0
44695552.0
44695552.0
39575552.0
38539264.0
37068800.0
36700160.0
37134336.0
37789696.0
37269504.0
37044224.0
37539840.0
37076992.0
37449728.0
37703680.0
37076992.0
37212160.0
36851712.0
36814848.0
37629952.0
37462016.0
37412864.0
36921344.0
36454400.0
37711872.0
37036032.0
36995072.0
37756928.0
37625856.0
37158912.0
37203968.0
37396480.0
37244928.0
36696064.0
37711872.0
37511168.0
37507072.0
36999168.0
37117952.0
37101568.0
36708352.0
37621760.0
37109760.0
37244928.0
37441536.0
37306368.0
36941824.0
37060608.0
37470208.0
37810176.0
37679104.0
37597184.0
37584896.0
37568512.0
36827136.0
37695488.0
36974592.0
37699584.0
37502976.0
37650432.0
36892672.0
37244928.0
37482496.0
37392384.0
36581376.0
36786176.0
37724160.0
37347328.0
37588992.0
37048320.0
36777984.0
36806656.0
37302272.0
36884480.0
36241408.0
37531648.0
37089280.0
36954112.0
37027840.0
36708352.0
37228544.0
37568512.0
36429824.0
37150720.0
36941824.0
37576704.0
37146624.0
37711872.0
36663296.0
37294080.0
37527552.0
37928960.0
36478976.0
37253120.0
36438016.0
36982784.0
37502976.0
36597760.0
37851136.0
37269504.0
37236736.0
37031936.0
36790272.0
37040128.0
36880384.0
36143104.0
37093376.0
37117952.0
37191680.0
37482496.0
36810752.0
36868096.0
37007360.0
36921344.0
37056512.0
37957632.0
37199872.0
37179392.0
37163008.0
37343232.0
37113856.0
37167104.0
37208064.0
37244928.0
37179392.0
37355520.0
37478400.0
37171200.0
37064704.0
37195776.0
37494784.0
36679680.0
36376576.0
37019648.0
37474304.0
37670912.0
38100992.0
37371904.0
36372480.0
37044224.0
37158912.0
36982784.0
37056512.0
47095808.0
47685632.0
46768128.0
46284800.0
46395392.0
46288896.0
46047232.0
45297664.0
45281280.0
44077056.0
43134976.0
43134976.0
43134976.0
42872832.0
43118592.0
42979328.0
43102208.0
43102208.0
42971136.0
43094016.0
43094016.0
43085824.0
43077632.0
43077632.0
43077632.0
42020864.0
42012672.0
41881600.0
41996288.0
41857024.0
41971712.0
41955328.0
41947136.0
41947136.0
41947136.0
41947136.0
41947136.0
41947136.0
41947136.0
41947136.0
41914368.0
41906176.0
41897984.0
41873408.0
41873408.0
41865216.0
41865216.0
41865216.0
41857024.0
41857024.0
41725952.0
41852928.0
41836544.0
41705472.0
41828352.0
41828352.0
41697280.0
41689088.0
41803776.0
41664512.0
41787392.0
41787392.0
41656320.0
41771008.0
41639936.0
41508864.0
41631744.0
41746432.0
41615360.0
41738240.0
41738240.0
41738240.0
41607168.0
41730048.0
41730048.0
41730048.0
41721856.0
41721856.0
41721856.0
41721856.0
41721856.0
41721856.0
41721856.0
41713664.0
41713664.0
41582592.0
41705472.0
41705472.0
41705472.0
41705472.0
41566208.0
41689088.0
41689088.0
41680896.0
41680896.0
41680896.0
41549824.0
41672704.0
41664512.0
41664512.0
41664512.0
41664512.0
41664512.0
41664512.0
41664512.0
41664512.0
41664512.0
41533440.0
41533440.0
41533440.0
41623552.0
41623552.0
41623552.0
41492480.0
41607168.0
41476096.0
41590784.0
41590784.0
41590784.0
41590784.0
41590784.0
41582592.0
41582592.0
41451520.0
41574400.0
41574400.0
41574400.0
41574400.0
41574400.0
41443328.0
41566208.0
41566208.0
41566208.0
41566208.0
41566208.0
41566208.0
41566208.0
41558016.0
41558016.0
41558016.0
50733056.0
50577408.0
49446912.0
49532928.0
49528832.0
49528832.0
49528832.0
49528832.0
49528832.0
49528832.0
49528832.0
49528832.0
49528832.0
49528832.0
49528832.0
49528832.0
49528832.0
49528832.0
49528832.0
49528832.0
49528832.0
49528832.0
49528832.0
49528832.0
49528832.0
49528832.0
49528832.0
49528832.0
49528832.0
49528832.0
49528832.0
49528832.0
49528832.0
49528832.0
49528832.0
49528832.0
49528832.0
49528832.0
49528832.0
49528832.0
49528832.0
49528832.0
49528832.0
49528832.0
49528832.0
49528832.0
49528832.0
49528832.0
49528832.0
49528832.0
49528832.0
49528832.0
49528832.0
49528832.0
49528832.0
49528832.0
49528832.0
49528832.0
49528832.0
49528832.0
49528832.0
49528832.0
49528832.0
49528832.0
49528832.0
49528832.0
49528832.0
49528832.0
49528832.0
49528832.0
49528832.0
49528832.0
49528832.0
49528832.0
49528832.0
49528832.0
49528832.0
49528832.0
49528832.0
49528832.0
49528832.0
49528832.0
49528832.0
49528832.0
49528832.0
49528832.0
49528832.0
49528832.0
49528832.0
49528832.0
49528832.0
49528832.0
49528832.0
49528832.0
49528832.0
49528832.0
49528832.0
49528832.0
49528832.0
49528832.0
49528832.0
49528832.0
49528832.0
49528832.0
49528832.0
49528832.0
49528832.0
49528832.0
49528832.0
49528832.0
49528832.0
49528832.0
49528832.0
49528832.0
49528832.0
49528832.0
49528832.0
49528832.0
49528832.0
49528832.0
49528832.0
49528832.0
49528832.0
49528832.0
49528832.0
49528832.0
49528832.0
49528832.0
49528832.0
49528832.0
49528832.0
49528832.0
49528832.0
49528832.0
49528832.0
49528832.0
49528832.0
49528832.0
49528832.0
49528832.0
52072448.0
51843072.0
51691520.0
51503104.0
51482624.0
51195904.0
51146752.0
51048448.0
50864128.0
50765824.0
50765824.0
50765824.0
50663424.0
50663424.0
50663424.0
50663424.0
50663424.0
50663424.0
50663424.0
50663424.0
50614272.0
50614272.0
50614272.0
50614272.0
50614272.0
50614272.0
50614272.0
50614272.0
50614272.0
50614272.0
50614272.0
50614272.0
50614272.0
50614272.0
50614272.0
50614272.0
50614272.0
50630656.0
50630656.0
50630656.0
50630656.0
50630656.0
50630656.0
50630656.0
50630656.0
50630656.0
50630656.0
50630656.0
50630656.0
50630656.0
50630656.0
50630656.0
50630656.0
50630656.0
50630656.0
50630656.0
50630656.0
50630656.0
50630656.0
50630656.0
50630656.0
50630656.0
50630656.0
50630656.0
50630656.0
50630656.0
50630656.0
50630656.0
50630656.0
50630656.0
50630656.0
50630656.0
50630656.0
50630656.0
50630656.0
50630656.0
50630656.0
50630656.0
50630656.0
50630656.0
50630656.0
50630656.0
50630656.0
50630656.0
50630656.0
50630656.0
50630656.0
50630656.0
50630656.0
50630656.0
50630656.0
50630656.0
50630656.0
50630656.0
50630656.0
50630656.0
50630656.0
50630656.0
50630656.0
50630656.0
50630656.0
50630656.0
50630656.0
50630656.0
50630656.0
50630656.0
50630656.0
50630656.0
50630656.0
50630656.0
50630656.0
50630656.0
50630656.0
50630656.0
50630656.0
50630656.0
50630656.0
50630656.0
50630656.0
50630656.0
50630656.0
50630656.0
50577408.0
50577408.0
50577408.0
50577408.0
50577408.0
50577408.0
50577408.0
50577408.0
50577408.0
50577408.0
50577408.0
50577408.0
50577408.0
50577408.0
50577408.0
50577408.0
50577408.0
50577408.0
50978816.0
49430528.0
48877568.0
48959488.0
48844800.0
48844800.0
48840704.0
48836608.0
48836608.0
48742400.0
48701440.0
48689152.0
48697344.0
48697344.0
48697344.0
48697344.0
48697344.0
48697344.0
48791552.0
48685056.0
48680960.0
48766976.0
48672768.0
48660480.0
48529408.0
48652288.0
48652288.0
48680960.0
48746496.0
48648192.0
48742400.0
48648192.0
48640000.0
48635904.0
48619520.0
48660480.0
48623616.0
48611328.0
48607232.0
48594944.0
48590848.0
48586752.0
48586752.0
48672768.0
48578560.0
48578560.0
48578560.0
48582656.0
48562176.0
48562176.0
48562176.0
48525312.0
48562176.0
48562176.0
48562176.0
48562176.0
48562176.0
48590848.0
48558080.0
48558080.0
48558080.0
48586752.0
48422912.0
48549888.0
48549888.0
48549888.0
48586752.0
48549888.0
48549888.0
48517120.0
48500736.0
48488448.0
48472064.0
48459776.0
48439296.0
48439296.0
48435200.0
48431104.0
48414720.0
48459776.0
48406528.0
48406528.0
48406528.0
48406528.0
48406528.0
48390144.0
48390144.0
48484352.0
48390144.0
48386048.0
48386048.0
48377856.0
48472064.0
48373760.0
48369664.0
48463872.0
48369664.0
48463872.0
48455680.0
48455680.0
48365568.0
48365568.0
48459776.0
48455680.0
48365568.0
48365568.0
48365568.0
48394240.0
48365568.0
48365568.0
48365568.0
48365568.0
48365568.0
48365568.0
48455680.0
48365568.0
48365568.0
48418816.0
48365568.0
48455680.0
48365568.0
48365568.0
48365568.0
48459776.0
48439296.0
48365568.0
48365568.0
48365568.0
48365568.0
48365568.0
48365568.0
48365568.0
48365568.0
48365568.0
48365568.0
48365568.0
48365568.0
48365568.0
48365568.0
48365568.0
52428800.0
52428800.0
52428800.0
52428800.0
52428800.0
52428800.0
52428800.0
52428800.0
52428800.0
52428800.0
52428800.0
52428800.0
52428800.0
52428800.0
52428800.0
52428800.0
52428800.0
52428800.0
52428800.0
52428800.0
52428800.0
52428800.0
52428800.0
52428800.0
52428800.0
52428800.0
52428800.0
52428800.0
52428800.0
52428800.0
52428800.0
52428800.0
52428800.0
52428800.0
52428800.0
52428800.0
52428800.0
52428800.0
52428800.0
52428800.0
52428800.0
52428800.0
52428800.0
52428800.0
52428800.0
52428800.0
52428800.0
52428800.0
52428800.0
52428800.0
52428800.0
52428800.0
52428800.0
52428800.0
52428800.0
52428800.0
52428800.0
52428800.0
52428800.0
52428800.0
52428800.0
52428800.0
52428800.0
52428800.0
52428800.0
52428800.0
52428800.0
52428800.0
52428800.0
52428800.0
52428800.0
52428800.0
52428800.0
52428800.0
52428800.0
52428800.0
52428800.0
52428800.0
52428800.0
52428800.0
52428800.0
52428800.0
52428800.0
52428800.0
52428800.0
52428800.0
52428800.0
52428800.0
52428800.0
52428800.0
52428800.0
52428800.0
52428800.0
52428800.0
52428800.0
52428800.0
52428800.0
52428800.0
52428800.0
52428800.0
52428800.0
52428800.0
52428800.0
52428800.0
52428800.0
52428800.0
52428800.0
52428800.0
52428800.0
52428800.0
52428800.0
52428800.0
52428800.0
52428800.0
52428800.0
52428800.0
52428800.0
52428800.0
52428800.0
52428800.0
52428800.0
52428800.0
52428800.0
52428800.0
52428800.0
52428800.0
52428800.0
52428800.0
52428800.0
52428800.0
52428800.0
52428800.0
52428800.0
52428800.0
52428800.0
52428800.0
52428800.0
52428800.0
52428800.0
52428800.0
35848192.0
35848192.0
35848192.0
35848192.0
35848192.0
35848192.0
35848192.0
35848192.0
35848192.0
35848192.0
35848192.0
35848192.0
35848192.0
35848192.0
35848192.0
35848192.0
35848192.0
35848192.0
35848192.0
35848192.0
35848192.0
35848192.0
35848192.0
35848192.0
35848192.0
35848192.0
35848192.0
35848192.0
35848192.0
35848192.0
35848192.0
35848192.0
35848192.0
35848192.0
35848192.0
35848192.0
35848192.0
35848192.0
35848192.0
35848192.0
35848192.0
35848192.0
35848192.0
35848192.0
35848192.0
35848192.0
35848192.0
35848192.0
35848192.0
35848192.0
35848192.0
35848192.0
35848192.0
35848192.0
35848192.0
35848192.0
35848192.0
35848192.0
35848192.0
35848192.0
35848192.0
35848192.0
35848192.0
35848192.0
35848192.0
35848192.0
35848192.0
35848192.0
35848192.0
35848192.0
35848192.0
35848192.0
35848192.0
35848192.0
35848192.0
35848192.0
35848192.0
35848192.0
35848192.0
35848192.0
35848192.0
35848192.0
35848192.0
35848192.0
35848192.0
35848192.0
35848192.0
35848192.0
35848192.0
35848192.0
35848192.0
35848192.0
35848192.0
35848192.0
35848192.0
35848192.0
35848192.0
35848192.0
35848192.0
35848192.0
35848192.0
35848192.0
35848192.0
35848192.0
35848192.0
35848192.0
35848192.0
35848192.0
35848192.0
35848192.0
35848192.0
35848192.0
35848192.0
35848192.0
35848192.0
35848192.0
35848192.0
35848192.0
35848192.0
35848192.0
35848192.0
35848192.0
35848192.0
35848192.0
35848192.0
35848192.0
35848192.0
35848192.0
35848192.0
35848192.0
35848192.0
35848192.0
35848192.0
35848192.0
35848192.0
35848192.0
35848192.0
35848192.0
35848192.0
35848192.0
49582080.0
49750016.0
49520640.0
49532928.0
49430528.0
49528832.0
49430528.0
49430528.0
49528832.0
49430528.0
49430528.0
49528832.0
49532928.0
49430528.0
49430528.0
49430528.0
49430528.0
49430528.0
49532928.0
49430528.0
49430528.0
49532928.0
49451008.0
49430528.0
49430528.0
49528832.0
49430528.0
49430528.0
49397760.0
49528832.0
49430528.0
49532928.0
49430528.0
49430528.0
49430528.0
49430528.0
49528832.0
49430528.0
49528832.0
49430528.0
49430528.0
49487872.0
49430528.0
49430528.0
49528832.0
49483776.0
49483776.0
49430528.0
49430528.0
49430528.0
49446912.0
49430528.0
49430528.0
49528832.0
49430528.0
49532928.0
49430528.0
49430528.0
49430528.0
49430528.0
49430528.0
49430528.0
49430528.0
49430528.0
49528832.0
49430528.0
49430528.0
49430528.0
49430528.0
49532928.0
49430528.0
49430528.0
49528832.0
49430528.0
49430528.0
49430528.0
49430528.0
49430528.0
49430528.0
49430528.0
49430528.0
49430528.0
49463296.0
49430528.0
49430528.0
49430528.0
49532928.0
49430528.0
49442816.0
49504256.0
49430528.0
49528832.0
49430528.0
49430528.0
49430528.0
49430528.0
49430528.0
49430528.0
49430528.0
49528832.0
49532928.0
49430528.0
49430528.0
49528832.0
49430528.0
49528832.0
49430528.0
49467392.0
49430528.0
49528832.0
49430528.0
49430528.0
49528832.0
49430528.0
49430528.0
49430528.0
49401856.0
49508352.0
49430528.0
49532928.0
49430528.0
49430528.0
49430528.0
49430528.0
49528832.0
49430528.0
49532928.0
49467392.0
49430528.0
49430528.0
49430528.0
49430528.0
49532928.0
49430528.0
49430528.0
49532928.0
49430528.0
49430528.0
49430528.0
49532928.0
50929664.0
50139136.0
47783936.0
46940160.0
45772800.0
45637632.0
45330432.0
44769280.0
44843008.0
43433984.0
43569152.0
43130880.0
42745856.0
42663936.0
42614784.0
41672704.0
41213952.0
41013248.0
40869888.0
40030208.0
39546880.0
38395904.0
38686720.0
38633472.0
37597184.0
37527552.0
36896768.0
36737024.0
36552704.0
36249600.0
35880960.0
35180544.0
34107392.0
34242560.0
34287616.0
33718272.0
33185792.0
32665600.0
31621120.0
30396416.0
29921280.0
30109696.0
28598272.0
28430336.0
27754496.0
27381760.0
26480640.0
26677248.0
26144768.0
25137152.0
24944640.0
24457216.0
24326144.0
23384064.0
22204416.0
22028288.0
21061632.0
20983808.0
20209664.0
19333120.0
19382272.0
18657280.0
17698816.0
16650240.0
16670720.0
16228352.0
15585280.0
15626240.0
14544896.0
13590528.0
12857344.0
12009472.0
11620352.0
11001856.0
10235904.0
9138176.0
8708096.0
8413184.0
6791168.0
6623232.0
6148096.0
5914624.0
5664768.0
4259840.0
3772416.0
3141632.0
2355200.0
2248704.0
1380352.0
1363968.0
1449984.0
1306624.0
1396736.0
1306624.0
1433600.0
1359872.0
1208320.0
1191936.0
1105920.0
1204224.0
1179648.0
1175552.0
1007616.0
1216512.0
1097728.0
966656.0
1048576.0
925696.0
786432.0
794624.0
802816.0
757760.0
720896.0
720896.0
786432.0
729088.0
663552.0
647168.0
593920.0
610304.0
548864.0
548864.0
688128.0
630784.0
462848.0
421888.0
520192.0
372736.0
360448.0
389120.0
339968.0
376832.0
249856.0
311296.0
180224.0
241664.0
98304.0
114688.0
143360.0
32768.0
50470912.0
50151424.0
49676288.0
49430528.0
49532928.0
49270784.0
49291264.0
49192960.0
49197056.0
49094656.0
48865280.0
48926720.0
48701440.0
48939008.0
48939008.0
48775168.0
48934912.0
48951296.0
48914432.0
48803840.0
48787456.0
48832512.0
48730112.0
48750592.0
48693248.0
48578560.0
48607232.0
48627712.0
48644096.0
48607232.0
48607232.0
48427008.0
48398336.0
48418816.0
48340992.0
48455680.0
48418816.0
48472064.0
48472064.0
48472064.0
48369664.0
48189440.0
48316416.0
48353280.0
48353280.0
48369664.0
48402432.0
48324608.0
48340992.0
48222208.0
48222208.0
48332800.0
48295936.0
48295936.0
48332800.0
48230400.0
48230400.0
48156672.0
48029696.0
48140288.0
48140288.0
48160768.0
48140288.0
48046080.0
48111616.0
48111616.0
48144384.0
48160768.0
48123904.0
48177152.0
48115712.0
48046080.0
47861760.0
48140288.0
48156672.0
48144384.0
48144384.0
48144384.0
48107520.0
48107520.0
48136192.0
48119808.0
48099328.0
48136192.0
48136192.0
48136192.0
48136192.0
48136192.0
48066560.0
48136192.0
48152576.0
48115712.0
48132096.0
48087040.0
47955968.0
48001024.0
48021504.0
48021504.0
48021504.0
48021504.0
48021504.0
48070656.0
48070656.0
48021504.0
47853568.0
47964160.0
48017408.0
48017408.0
47886336.0
47886336.0
47886336.0
47951872.0
47837184.0
47951872.0
47931392.0
47968256.0
47968256.0
47837184.0
47898624.0
47849472.0
47673344.0
47652864.0
47788032.0
47788032.0
47788032.0
47751168.0
47620096.0
47742976.0
47702016.0
47722496.0
47722496.0
47738880.0
47775744.0
47755264.0
47755264.0
47755264.0
47792128.0
47771648.0
47824896.0
47824896.0
41709568.0
41844736.0
41369600.0
40931328.0
40476672.0
39538688.0
38801408.0
37818368.0
38322176.0
37855232.0
37416960.0
37113856.0
36900864.0
36376576.0
35332096.0
34738176.0
33918976.0
33796096.0
32993280.0
32419840.0
31854592.0
30654464.0
30105600.0
22552576.0
22908928.0
22671360.0
21905408.0
21839872.0
21852160.0
21319680.0
20672512.0
20430848.0
19976192.0
19976192.0
19722240.0
19763200.0
19288064.0
18845696.0
18804736.0
18382848.0
18464768.0
17395712.0
9109504.0
9195520.0
8986624.0
8478720.0
8142848.0
7995392.0
7806976.0
7364608.0
6823936.0
6594560.0
6406144.0
5660672.0
5718016.0
5480448.0
5337088.0
5156864.0
4915200.0
1523712.0
1552384.0
1527808.0
1736704.0
1560576.0
1597440.0
1683456.0
1470464.0
1552384.0
1458176.0
1474560.0
1458176.0
1576960.0
1466368.0
1716224.0
1368064.0
1347584.0
1368064.0
1335296.0
1331200.0
1355776.0
1097728.0
1105920.0
1036288.0
1056768.0
1253376.0
954368.0
1019904.0
917504.0
913408.0
901120.0
892928.0
892928.0
901120.0
847872.0
978944.0
954368.0
823296.0
925696.0
868352.0
1036288.0
765952.0
692224.0
684032.0
696320.0
659456.0
724992.0
618496.0
561152.0
581632.0
565248.0
598016.0
532480.0
626688.0
581632.0
581632.0
532480.0
589824.0
565248.0
593920.0
479232.0
303104.0
294912.0
286720.0
282624.0
524288.0
311296.0
323584.0
278528.0
393216.0
217088.0
200704.0
200704.0
184320.0
258048.0
143360.0
212992.0
139264.0
147456.0
94208.0
184320.0
50712576.0
49614848.0
48119808.0
47366144.0
45359104.0
45006848.0
44732416.0
44294144.0
43847680.0
43999232.0
43413504.0
43429888.0
43089920.0
42602496.0
42184704.0
41820160.0
41336832.0
41201664.0
40525824.0
40718336.0
40321024.0
39686144.0
38572032.0
38674432.0
38944768.0
38383616.0
36728832.0
36827136.0
35835904.0
35721216.0
35807232.0
35467264.0
35090432.0
34373632.0
34459648.0
33177600.0
33185792.0
32915456.0
32256000.0
32354304.0
31019008.0
30289920.0
30326784.0
29515776.0
28037120.0
27918336.0
27791360.0
26787840.0
26234880.0
26099712.0
25812992.0
24223744.0
24395776.0
23523328.0
22568960.0
22011904.0
21549056.0
20938752.0
20721664.0
20086784.0
19722240.0
19779584.0
18395136.0
18845696.0
17457152.0
17526784.0
15941632.0
15867904.0
15032320.0
14262272.0
13467648.0
12742656.0
11886592.0
10944512.0
11526144.0
11063296.0
9596928.0
8671232.0
8790016.0
8327168.0
7458816.0
6582272.0
6955008.0
5910528.0
5267456.0
3772416.0
3735552.0
2904064.0
2957312.0
1986560.0
1859584.0
1716224.0
1634304.0
1634304.0
1642496.0
1581056.0
1585152.0
1536000.0
1511424.0
1560576.0
1466368.0
1396736.0
1572864.0
1458176.0
1363968.0
1449984.0
1323008.0
1331200.0
1179648.0
1146880.0
1282048.0
1130496.0
1089536.0
1089536.0
1167360.0
1044480.0
1019904.0
1024000.0
1110016.0
1077248.0
925696.0
954368.0
978944.0
921600.0
811008.0
794624.0
778240.0
745472.0
905216.0
700416.0
651264.0
733184.0
761856.0
712704.0
643072.0
561152.0
503808.0
528384.0
491520.0
499712.0
